

@ARTICLE{8720135,  author={C. {Stracener} and Q. {Samelson} and J. {Mackie} and M. {Ihaza}},  journal={IT Professional},   title={The Internet of Things Grows Artificial Intelligence and Data Sciences},   year={2019},  volume={21},  number={3},  pages={55-62},}

@misc{ASTMD4802,
title = {ASTM D4802 - 10 Standard Specification for Poly(Methyl Methacrylate) Acrylic Plastic Sheet}
author = {ASTM D4802},
}

\end
